
@article{barlow_possible_1961,
	title = {Possible principles underlying the transformation of sensory messages},
	author = {Barlow, H. B.},
	year = {1961},
	file = {Possible principles underlying the transformation of sensory messages - ResearchGate:/Users/jagomez/Library/Application Support/Firefox/Profiles/4otj4fuq.default/zotero/storage/639FEEGA/243712413_Possible_principles_underlying_the_transformation_of_sensory_messages.html:text/html}
}