
@article{fama_random_1995,
	title = {Random {Walks} in {Stock} {Market} {Prices}},
	volume = {51},
	copyright = {Copyright Â© 1995 CFA Institute},
	url = {http://www.jstor.org/stable/4479810},
	number = {1},
	urldate = {2015-03-08},
	journal = {Financial Analysts Journal},
	author = {Fama, Eugene F.},
	month = jan,
	year = {1995},
	pages = {75--80}
}