
@article{feldman_ecological_2009,
	title = {Ecological expected utility and the mythical neural code},
	volume = {4},
	issn = {1871-4080, 1871-4099},
	url = {http://www.springerlink.com/index/10.1007/s11571-009-9090-4},
	doi = {10.1007/s11571-009-9090-4},
	number = {1},
	journal = {Cognitive Neurodynamics},
	author = {Feldman, Jerome},
	month = sep,
	year = {2009},
	pages = {25--35}
}