
@book{groetsch_inverse_1993,
	title = {Inverse problems in the mathematical sciences},
	isbn = {9783528065454},
	publisher = {Vieweg},
	author = {Groetsch, C. W.},
	year = {1993},
	keywords = {Inverse problems {(Differential} equations), Mathematics / Calculus, Mathematics / Differential Equations, Mathematics / Functional Analysis}
}