
@book{hadamard_lectures_2011,
	title = {Lectures on Cauchy's problem in linear partial differential equations},
	publisher = {University of Toronto Libraries},
	author = {Hadamard, Jacques},
	month = aug,
	year = {2011}
}