
@book{Friedman:2009,
	edition = {2},
	title = {The Elements of Statistical Learning: Data Mining, Inference, and Prediction, Second Edition},
	shorttitle = {The Elements of Statistical Learning},
	publisher = {Greenwood Publishing Group},
	author = {Friedman, Jerome and Hastie, Trevor and Tibshirani, Robert},
	month = feb,
	year = {2009}
}