
@book{li_introduction_2008,
	edition = {3rd ed.},
	title = {An Introduction to Kolmogorov Complexity and Its Applications},
	isbn = {0387339981},
	publisher = {Springer},
	author = {Li, Ming and Vit√°nyi, Paul M. B.},
	month = nov,
	year = {2008}
}