
@article{kumar_spiking_2010,
	title = {Spiking activity propagation in neuronal networks: reconciling different perspectives on neural coding},
	volume = {11},
	issn = {{1471-003X}},
	shorttitle = {Spiking activity propagation in neuronal networks},
	url = {http://dx.doi.org/10.1038/nrn2886},
	doi = {10.1038/nrn2886},
	number = {9},
	journal = {Nat Rev Neurosci},
	author = {Kumar, Arvind and Rotter, Stefan and Aertsen, Ad},
	year = {2010},
	pages = {615--627},
	file = {Nature Snapshot:/Users/jagomez/Library/Application Support/Firefox/Profiles/4otj4fuq.default/zotero/storage/TK3ZEUEM/nrn2886.html:text/html}
}