
@book{llinas_i_2002,
	title = {I of the Vortex: From Neurons to Self},
	isbn = {0262621630},
	shorttitle = {I of the Vortex},
	publisher = {A Bradford Book},
	author = {Llinas, Rodolfo R.},
	month = mar,
	year = {2002}
}