
@article{maldjian_functional_2001,
	title = {Functional {Connectivity} {MR} {Imaging}: {Fact} or {Artifact}?},
	volume = {22},
	issn = {0195-6108, 1936-959X},
	shorttitle = {Functional {Connectivity} {MR} {Imaging}},
	url = {http://www.ajnr.org/content/22/2/239},
	language = {en},
	number = {2},
	urldate = {2015-04-30},
	journal = {American Journal of Neuroradiology},
	author = {Maldjian, Joseph A.},
	month = feb,
	year = {2001},
	pmid = {11156761},
	pages = {239--240},
	file = {Full Text PDF:/Users/jagomez/Library/Application Support/Firefox/Profiles/4otj4fuq.default/zotero/storage/JQUAXEAN/Maldjian - 2001 - Functional Connectivity MR Imaging Fact or Artifa.pdf:application/pdf;Snapshot:/Users/jagomez/Library/Application Support/Firefox/Profiles/4otj4fuq.default/zotero/storage/R5PR5F74/239.html:text/html}
}