
@article{robinson_resting_2009,
	title = {A resting state network in the motor control circuit of the basal ganglia},
	volume = {10},
	copyright = {2009 Robinson et al; licensee BioMed Central Ltd.},
	issn = {1471-2202},
	url = {http://www.biomedcentral.com/1471-2202/10/137/abstract},
	doi = {10.1186/1471-2202-10-137},
	abstract = {PMID: 19930640},
	language = {en},
	number = {1},
	urldate = {2015-07-12},
	journal = {BMC Neuroscience},
	author = {Robinson, Simon and Basso, Gianpaolo and Soldati, Nicola and Sailer, Uta and Jovicich, Jorge and Bruzzone, Lorenzo and Kryspin-Exner, Ilse and Bauer, Herbert and Moser, Ewald},
	month = nov,
	year = {2009},
	pmid = {19930640},
	pages = {137},
	file = {Snapshot:/Users/jagomez/Library/Application Support/Firefox/Profiles/4otj4fuq.default/zotero/storage/K36TSEP2/137.html:text/html}
}