
@book{roederer_information_2005,
	edition = {1},
	title = {Information and Its Role in Nature},
	isbn = {3540230750},
	publisher = {Springer},
	author = {Roederer, Juan G.},
	month = may,
	year = {2005}
}