
@book{tribus_thermostatics_1961,
	edition = {1st edition},
	title = {Thermostatics and {Thermodynamics}},
	language = {English},
	publisher = {D. Van Nostrand Company},
	author = {Tribus, Myron},
	year = {1961}
}