
@article{woodhouse_mapping_????,
	title = {Mapping the Upper Mantle: {Three-Dimensional} Modeling of Earth Structure by Inversion of Seismic Waveforms},
	volume = {89},
	shorttitle = {Mapping the Upper Mantle},
	url = {http://www.agu.org/pubs/crossref/1984/JB089iB07p05953.shtml},
	doi = {198410.1029/JB089iB07p05953},
	number = {B7},
	journal = {Journal of Geophysical Research},
	author = {Woodhouse, John H. and Dziewonski, Adam M.},
	pages = {PP. 5953--5986}
}