
@book{zhdanov_geophysical_2002,
	edition = {1},
	title = {Geophysical Inverse Theory and Regularization Problems, Volume 36},
	isbn = {0444510893},
	publisher = {Elsevier Science},
	author = {Zhdanov, Michael S.},
	month = may,
	year = {2002}
}